<?xml version="1.0" encoding="UTF-8"?><collection xmlns="http://www.loc.gov/MARC21/slim"><record><leader>00417nam--2200133-i-4500</leader><controlfield tag="001">000045928</controlfield><controlfield tag="002">20161230</controlfield><controlfield tag="005">20161230201045</controlfield><controlfield tag="008">060222s1000------------r-----000-0-eng-d</controlfield><datafield ind1=" " ind2=" " tag="080"><subfield code="a">616-073.75</subfield></datafield><datafield ind1=" " ind2=" " tag="100"><subfield code="a">Vallee, Pierre</subfield></datafield><datafield ind1=" " ind2=" " tag="245"><subfield code="a">Contribution a l`etude radiologique des reflux vesico-ureteraux chez le nourrisson et l`enfant. these</subfield></datafield><datafield ind1=" " ind2=" " tag="260"><subfield code="a">Tours, Univ.De Tours, Faculte De Medicine, 1972, 140p</subfield></datafield><datafield ind1=" " ind2=" " tag="852"><subfield code="a">38966</subfield></datafield></record></collection>